<?xml version="1.0" encoding="UTF-8"?><collection xmlns="http://www.loc.gov/MARC21/slim"><record><leader>00599nam--2200181-i-4500</leader><controlfield tag="001">000010613</controlfield><controlfield tag="002">20161230</controlfield><controlfield tag="005">20161230201028</controlfield><controlfield tag="008">060222s1000------------r-----000-0-fre-d</controlfield><datafield ind1=" " ind2=" " tag="040"><subfield code="a">IFIN-HH</subfield></datafield><datafield ind1=" " ind2=" " tag="041"><subfield code="a">fre</subfield></datafield><datafield ind1=" " ind2=" " tag="080"><subfield code="a">015:539.124.172</subfield></datafield><datafield ind1="1" ind2=" " tag="100"><subfield code="a">Burggraf, Charles</subfield></datafield><datafield ind1="1" ind2="0" tag="245"><subfield code="a">Mesure des intensites des faisceaux electroniq ues diffractes, determination des facteurs de diffusion atomique, du platine, de l argent et de l aluminium</subfield><subfield code="b">These</subfield><subfield code="c">Charles burggraf</subfield></datafield><datafield ind1=" " ind2=" " tag="260"><subfield code="a">Strasbourg</subfield><subfield code="b">Faculte Des Sciences</subfield><subfield code="c">1969</subfield></datafield><datafield ind1=" " ind2=" " tag="300"><subfield code="a">100P</subfield></datafield><datafield ind1=" " ind2=" " tag="852"><subfield code="a">38249</subfield><subfield code="c">539.12</subfield></datafield><datafield ind1=" " ind2=" " tag="CAT"><subfield code="a">Sys</subfield><subfield code="c">20111123</subfield><subfield code="h">103810</subfield></datafield></record></collection>